<?xml version="1.0" encoding="UTF-8"?><collection xmlns="http://www.loc.gov/MARC21/slim"><record><leader>00373nam--2200145-i-4500</leader><controlfield tag="001">000024889</controlfield><controlfield tag="002">20161230</controlfield><controlfield tag="005">20170127221804</controlfield><controlfield tag="008">060222s1000------------r-----000-0-fre-d</controlfield><datafield ind1="1" ind2=" " tag="100"><subfield code="a">De Broglie, Louis M</subfield></datafield><datafield ind1="1" ind2="0" tag="245"><subfield code="a">Optique electronique et corpusculaire</subfield></datafield><datafield ind1=" " ind2=" " tag="260"><subfield code="a">Paris</subfield><subfield code="b">Hermann &amp; C</subfield><subfield code="c">1950</subfield></datafield><datafield ind1=" " ind2=" " tag="300"><subfield code="a">279 p</subfield></datafield><datafield ind1=" " ind2=" " tag="852"><subfield code="a">10933</subfield><subfield code="c">537.533.3</subfield></datafield><datafield ind1=" " ind2=" " tag="CAT"><subfield code="a">SYS</subfield><subfield code="c">20170127</subfield><subfield code="h">221804</subfield></datafield></record></collection>